<record xmlns="http://www.loc.gov/MARC21/slim" xmlns:xsi="http://www.w3.org/2001/XMLSchema-instance" xsi:schemaLocation="http://www.loc.gov/MARC21/slim http://www.loc.gov/standards/marcxml/schema/MARC21slim.xsd"><leader>     nam a22        4500</leader><controlfield tag="001">3058946</controlfield><controlfield tag="003">NNC</controlfield><controlfield tag="006">m        d        </controlfield><controlfield tag="007">cr cn |||m|||a</controlfield><controlfield tag="008">150601s1931    iq      o     000 0 ara d</controlfield><datafield ind1=" " ind2=" " tag="040"><subfield code="a">NNU</subfield><subfield code="b">eng</subfield><subfield code="e">rda</subfield><subfield code="c">NNU</subfield></datafield><datafield ind1="1" ind2=" " tag="100"><subfield code="6">880-01</subfield><subfield code="a">T&#803;abarsi&#772;, al-Fad&#803;l ibn al-H&#803;asan,</subfield><subfield code="d">-1153.</subfield></datafield><datafield ind1="1" ind2="0" tag="245"><subfield code="6">880-02</subfield><subfield code="a">Ha&#772;dha&#772; Kita&#772;b Ih&#803;tija&#772;j al-T&#803;abarsi&#772; /</subfield><subfield code="c">[al-Fad&#803;l ibn al-H&#803;asan al-T&#803;abarsi&#772;].</subfield></datafield><datafield ind1=" " ind2=" " tag="260"><subfield code="6">880-03</subfield><subfield code="a">al-Najaf :</subfield><subfield code="b">al-Mat&#803;ba&#699;ah al-Murtad&#803;awi&#772;yah,</subfield><subfield code="c">1350 [1931]</subfield></datafield><datafield ind1=" " ind2=" " tag="300"><subfield code="a">online resource (284 pages)</subfield></datafield><datafield ind1=" " ind2=" " tag="336"><subfield code="a">text</subfield><subfield code="2">rdacontent</subfield></datafield><datafield ind1=" " ind2=" " tag="337"><subfield code="a">computer</subfield><subfield code="2">rdamedia</subfield></datafield><datafield ind1=" " ind2=" " tag="338"><subfield code="a">online resource</subfield><subfield code="2">rdacarrier</subfield></datafield><datafield ind1=" " ind2=" " tag="500"><subfield code="a">Part of the Arabic Collections Online (ACO) project, contributed by Columbia University Libraries.</subfield></datafield><datafield ind1=" " ind2=" " tag="533"><subfield code="a">Electronic reproduction.</subfield><subfield code="b">New York, N.Y. :</subfield><subfield code="c">New York University,</subfield><subfield code="d">2015.</subfield><subfield code="5">NNU</subfield></datafield><datafield ind1=" " ind2="0" tag="650"><subfield code="a">Hadith (Shiites)</subfield><subfield code="v">Early works to 1800.</subfield></datafield><datafield ind1="2" ind2=" " tag="710"><subfield code="a">Columbia University.</subfield><subfield code="b">Libraries.</subfield></datafield><datafield ind1="0" ind2=" " tag="730"><subfield code="a">Arabic Collections Online.</subfield></datafield><datafield ind1="0" ind2="8" tag="776"><subfield code="i">Print version:</subfield><subfield code="a">T&#803;abarsi&#772;, al-Fad&#803;l ibn al-H&#803;asan, -1153.</subfield><subfield code="t">Ha&#772;dha&#772; Kita&#772;b Ih&#803;tija&#772;j al-T&#803;abarsi&#772;</subfield><subfield code="w">(NNC)3058946</subfield><subfield code="w">(OCoLC)47717261</subfield></datafield><datafield ind1="4" ind2="0" tag="856"><subfield code="u">http://hdl.handle.net/2333.1/z612jprz</subfield></datafield><datafield ind1="1" ind2=" " tag="880"><subfield code="6">100-01/r</subfield><subfield code="a">&#1591;&#1576;&#1585;&#1587;&#1610;&#1548; &#1575;&#1604;&#1601;&#1590;&#1604; &#1576;&#1606; &#1575;&#1604;&#1581;&#1587;&#1606;&#1548;</subfield><subfield code="d">-1153.</subfield></datafield><datafield ind1="1" ind2="0" tag="880"><subfield code="6">245-02/r</subfield><subfield code="a">&#1607;&#1575;&#1584;&#1575; &#1603;&#1578;&#1575;&#1576; &#1575;&#1581;&#1578;&#1580;&#1575;&#1580; &#1575;&#1604;&#1591;&#1576;&#1585;&#1587;&#1610; /</subfield><subfield code="c">[&#1575;&#1604;&#1601;&#1590;&#1604; &#1576;&#1606; &#1575;&#1604;&#1581;&#1587;&#1606; &#1575;&#1604;&#1591;&#1576;&#1585;&#1587;&#1610;].</subfield></datafield><datafield ind1=" " ind2=" " tag="880"><subfield code="6">260-03/r</subfield><subfield code="a">&#1575;&#1604;&#1606;&#1580;&#1601; :</subfield><subfield code="b">&#1575;&#1604;&#1605;&#1591;&#1576;&#1593;&#1577; &#1575;&#1604;&#1605;&#1585;&#1578;&#1590;&#1608;&#1610;&#1577;&#1548;</subfield><subfield code="c">1350 [1931]</subfield></datafield><datafield ind1=" " ind2=" " tag="959"><subfield code="a">NNU</subfield><subfield code="b">WEB</subfield><subfield code="c">GENI</subfield><subfield code="t">0</subfield><subfield code="m">Electronic access</subfield><subfield code="s">01</subfield></datafield><datafield ind1=" " ind2=" " tag="999"><subfield code="i">NNC_3058946</subfield><subfield code="o">(OCoLC)ocm47717261</subfield><subfield code="s">columbia_aco000564</subfield><subfield code="e">(ERROR-880)</subfield><subfield code="s">columbia_aco000564</subfield></datafield></record>